@article{steinbach_bidecomposition,
        author = "B. Steinbach",
        title = "Vectorial Bi-Decomposition of Logic Functions",
        year = "2015",
        journal = "Reed-Muller Workshop, At University of Waterloo, Waterloo, Canada",
        volume = "1"
}
@article{steinbach_xboole,
        author = "B. Steinbach",
        title = "Fast Boolean Calculations Using {XBOOLE}",
        journal = ""
}

