@book{HWU,
 author = {Kirk, David B. and Hwu, Wen-Mei W.},
 title = {Programming Massively Parallel Processors: A Hands-on Approach},
 year = {2010},
 isbn = {978-0-12381-472-2},
 publisher = {Morgan Kaufmann Publishers Inc.},
 address = {San Francisco, CA, USA},
} 
%edition = {1st},

@online{CSQR,
title={CUDA Quick Reference},
author={Mattthias Werner},
year={2012},
month={July},
url={http://11235813tdd.blogspot.de/2012/07/cuda-cheatsheet-quick-reference.html},
urldate={2013-12-08}
}
%online{ OCC,
%title={Better Performance at Lower Occupancy},
%author={Vasily Volkov},
%year={2010},
%url={http://www.cs.berkeley.edu/~volkov/volkov10-GTC.pdf},
%urldate={2013-12-08}
%}
@online{WSComputingIntro,
author={Peter Messmer},
title="{CUDA Workshop Dresden - GPU Computing Intro}",
year={2013},
url={http://ccoe-dresden.de/?p=445},
urldate={2013-12-08}
}


@inproceedings{Amdahl_1967,
 author = {Amdahl, Gene M.},
 title = {Validity of the single processor approach to achieving large scale computing capabilities},
 booktitle = {Proceedings of the April 18-20, 1967, Spring Joint Computer Conference},
 series = {AFIPS '67 (Spring)},
 year = {1967},
 location = {Atlantic City, New Jersey},
 pages = {483--485},
 numpages = {3},
 url = {http://doi.acm.org/10.1145/1465482.1465560},
 doi = {10.1145/1465482.1465560},
 acmid = {1465560},
 publisher = {ACM},
 address = {New York, NY, USA},
}

@BOOK{BHMW_HOS_2009,
    Editor    = {Biere, Armin and Heule, Marijn J. H. and van Maaren, Hans and Walsh, Toby},
    Title     = {Handbook of Satisfiability},
    Publisher = {IOS Press},
    Year      = {2009},
    Month     = {February},
    Volume    = {185},
    ISBN      = {978-1-58603-929-5},
    ISSN      = {0922-6389},
    Series    = {Frontiers in Artificial Intelligence and Applications},
}
%    Pages = {980}
%\bibitem{BHMW_HOS_2009} Biere,~A., Heule,~M., Van~Maaren,~H. and Walsh,~T. \textit{Handbook of Satisfiability}. Volume 185: Frontiers in Artificial Intelligence and Applications, IOS Press Amsterdam, 2009.

@techreport{B_LPPPSAT_2010,
author = {Biere, Armin}, 
title = {Lingeling, Plingeling, PicoSAT and PrecoSAT at SAT Race 2010}, 
institution = {Institute for Formal Models and Verification, Johannes Kepler University}, 
address = {Altenbergerstr. 69, 4040 Linz, Austria},
number = {10/1},
month = {August},
year = {2010}
}
%\bibitem{B_LPPPSAT_2010} Biere, A. \textit{Lingeling, Plingeling, PicoSAT and PrecoSAT at SAT Race 2010}. Technical Report 10/1, August 2010, FMV Reports Series, Institute for Formal Models and Verification, Johannes Kepler University, Altenbergerstr. 69, 4040 Linz, Austria, 2010, pp 1 - 4.

@online{FERMI_2010,
title={NVIDIAs Next Generation CUDA Compute Architecture: Fermi},
author={Nvidia},
year={2010},
url={http://www.nvidia.com/content/PDF/fermi_white_papers/NVIDIA_Fermi_Compute_Architecture_Whitepaper.pdf},
urldate={2013-12-08}
}

@article{Flynn_1972,
 author = {Flynn, Michael J.},
 title = {Some Computer Organizations and Their Effectiveness},
 journal = {IEEE Trans. Comput.},
 issue_date = {September 1972},
 volume = {21},
 number = {9},
 month = sep,
 year = {1972},
 issn = {0018-9340},
 pages = {948--960},
 numpages = {13},
 url = {http://dx.doi.org/10.1109/TC.1972.5009071},
 doi = {10.1109/TC.1972.5009071},
 acmid = {1952459},
 publisher = {IEEE Computer Society},
 address = {Washington, DC, USA}
} 

@misc{FGGP_RFCG,
  author	= {Fenner, S. and Gasarch, W. and Glover, Ch. and Purewal, S.},
  title		= {Rectangle Free Coloring of Grids},
  url = {http://www.cs.umd.edu/~gasarch/papers/grid.pdf},
  year = {2009}
}

% already used in werner.bib. ZaranMany
%inproceedings{G_MFPZ_1968,
%AUTHOR={Guy, R. K.},
%TITLE={A Many-Facetted Problem of Zarankiewicz},
%booktitle = {The Many Facets of Graph Theory, Proceedings of the Conference held at Western Michigan University}, edition = {Lecture Notes in Mathematics},
%editor = {Chartrand, G. and Kapoor, S. F.},
%year = {1969},
%month = {October--November},
%volume = {110},
%pages = {129--148},
%address = {Kalamazoo, Michigan, U.S.A.},
%doi = "10.1007/BFb0060099"
%}
@incollection{GKNS_CLASP_2007,
    author    = {Martin Gebser and Benjamin Kaufmann and Andr\'{e} Neumann and Torsten Schaub},
    title     = {clasp: A Conflict-Driven Answer Set Solver},
		booktitle = {Logic Programming and Nonmonotonic Reasoning},
		location  = {Tempe, AZ, USA},
    series    = {Lecture Notes in Computer Science},
		volume    = {4483},
    year      = {2007},
    pages     = {260--265},
    publisher = {Springer},
		address   = {Berlin Heidelberg},
		issn      = {0302-9743},
		isbn      = {978-3-540-72199-4},
		doi       = {10.1007/978-3-540-72200-7_23},
}
%\bibitem{GKNS_CLASP_2007} Gebser,~M., Kaufmann,~B., Neumann,~A. and Schaub,~T. \textit{clasp: A Conflict-Driven Answer Set Solver}. in: Baral,~C., Brewka,~G. and  Schlipf~J. LPNMR 2007 (LNAI 4483), Springer, 2007, pp. 260 - 265.

@BOOK{LM_DMULS_1998,
   AUTHOR={Laywine, Charles F. and Mullen, Gary L.},
   TITLE={Discrete Mathematics Using Latin Squares},
   SERIES={Wiley-Interscience Series in Discrete Mathematics and Optimization},
   PUBLISHER={John Wiley \& Sons, Inc.},
   YEAR=1998,
   ISBN="978-0471240648"
}
%\bibitem{LM_DMULS_1998} Laywine, Ch.~F.; Mullen, G.~L. \textit{Discrete mathematics using Latin squares}. Wiley-Interscience Series in Discrete Mathematics and Optimization. John Wiley \& Sons, Inc., New York, USA, 1998. 


@article{M_GCP_2004,
    author  = {Daniel Marx},
    title   = {Graph Coloring Problems and Their Applications in Scheduling},
    journal = {Periodica Polytechnica, Electrical Engineering},
    volume  = {48},
    number	=	{1},
    year    = {2004},
    pages   = {11--16}
 }

@online{V_BPLO_2010,
title={Better Performance at Lower Occupancy},
author={Vasily Volkov},
year={2010},
url={http://www.cs.berke-ley.edu/~volkov/volkov10-GTC.pdf},
urldate={2013-12-08}
}

@BOOK{P_IPP_2011,
   AUTHOR={Peter Pacheco},
   TITLE={An Introduction to Parallel Programming},
   PUBLISHER={Morgan Kaufmann},
   YEAR=2011,
   ISBN="978-0123742605"
}


@article{S_XB_TMSA_1992,
author = {Bernd Steinbach},
title = {XBOOLE - A Toolbox for Modelling, Simulation, and Analysis of Large Digital Systems}, 
journal = {System Analysis and Modeling Simulation},
PUBLISHER={Gordon \& Breach Science Publishers},
year = {1992},
volume = {9},
number = {4},
pages  = {297--312}
}
%\bibitem{S_XB_TMSA}	Steinbach,~B. \textit{XBOOLE - A Toolbox for Modelling, Simulation, and Analysis of Large Digital Systems}. System Analysis and Modeling Simulation, Gordon \& Breach Science Publishers, Volume 9, Number 4, 1992, pp. 297--312.


@article{PS_SAT_2011,
AUTHOR={Christian Posthoff and Bernd Steinbach},
title = {The Solution of SAT Problems Using Ternary Vectors and Parallel Processing},
journal = {International Journal of Electronics and Telecommunications (JET)},
volume = {57},
number = {3},
pages = {233--249},
year = {2011},
issn = {0867-6747}
}
%\bibitem{PS_SAT_2011} Posthoff,~Ch. and Steinbach,~B. \textit{The Solution of SAT Problems Using Ternary Vectors and Parallel Processing}. in: International Journal of Electronics and Telecommunications (JET), Warsaw, 2011, ISSN: 0867-6747, Volume 57, Number 3, Index 363189, pp. 233 - 249.

@inproceedings{SP_AIC_ICAART_2013,
author = {Bernd Steinbach and Christian Posthoff},
title = {Artificial Intelligence and Creativity - Two Requirements to Solve an Extremely Complex Coloring Problem},
booktitle = {Proceedings of the 5th International Conference on Agents and Artificial Intelligence}, 
series ={ICAART},
editor = {J. Filipe and A. Fred},
year = {2013},
pages = {411--418},
address = {Valencia, Spain},
isbn = {978-989-8565-39-6},
volume = {2}
} 








@BOOK{SP_LFEEE_2009,
   AUTHOR={Bernd Steinbach and Christian Posthoff},
   TITLE={Logic Functions and Equations - Examples and Exercises},
   PUBLISHER={Springer Science + Business Media B.V.},
   YEAR=2009,
   ISBN="978-1-4020-9594-8"
}

@inproceedings{SP_EC4CRFG_ISMVL_2012,
author = {Bernd Steinbach and Christian Posthoff},
title = {Extremely Complex 4-Colored Rectangle-Free Grids: Solution of Open Multiple-Valued Problems},
booktitle = {Proceedings of the IEEE 42nd International Symposium on Multiple-Valued Logic},
series = {ISMVL},
year = {2012},
pages = {37--44},
address = {Victoria, BC, Canada},
isbn = {978-0-7695-4673-5},
issn = "0195-623X/12",
doi = "10.1109/ISMVL.2012.12"
}
%\bibitem{SP_EC4CRFG_ISMVL_2012} Steinbach,~B; Posthoff,~Ch.: Extremely Complex 4-Colored Rectangle-Free Grids: Solution of Open Multiple-Valued Problems. in: Proceedings of the IEEE 42nd International Symposium on Multiple-Valued Logic (ISMVL 2012), Victoria, British Columbia, Canada, ISBN: 978-0-7695-4673-5, ISSN 0195-623X/12, DOI: 10.1109/ISMVL.2012.12, 2012, pp. 37 - 44.

@inproceedings{SP_SLOFCRFG_ISMVL_2013,
author = {Bernd Steinbach and Christian Posthoff},
title = {Solution of the Last Open Four-Colored Rectangle-free Grid - an Extremely Complex Multiple-Valued Problem},
booktitle = {Proceedings of the IEEE 43nd International Symposium on Multiple-Valued Logic},
series = {ISMVL},
year = {2013},
pages = {302--309},
address = {Toyama, Japan},
isbn = {978-0-7695-4976-7},
doi = "10.1109/ISMVL.2013.51"
}
%Steinbach, B.; Posthoff, Ch.: Solution of the Last Open Four-Colored Rectangle-free Grid - an Extremely Complex Multiple-Valued Problem. in: Proceedings of the IEEE 43nd International Symposium on Multiple-Valued Logic (ISMVL 2013), Toyama, Japan, ISBN-13: 978-0-7695- 4976-7, BMS Part # CFP13034-USB, DOI: 10.1109/ISMVL.2013.51, 2013, pp. 302 – 309.




@inproceedings{SP_ETBNF_HIC_CSMRF_2007,
author = {Bernd Steinbach and Christian Posthoff},
title = {An Extended Theory of Bool\-ean Normal Forms},
booktitle = {Proceedings of the 6th Annual Hawaii International Conference on Statistics, Mathematics and Related Fields},
year = {2007},
pages = {1124--1139},
address = {Honolulu, Hawaii},
url         = {http://www.informatik.tu-freiberg.de/prof2/publikationen/HICSM_2007_ETBNF.pdf},
} 	


@inproceedings{SP_SSRMRFG_2012,
author = {Bernd Steinbach and Christian Posthoff},
title = {Search Space Restriction for Maximal Rectangle-Free Grids},
booktitle = {10th International Workshop on Boolean Problems},
series = {IWSBP},
month = {September},
year = {2012},
pages = {155--162},
address = {Freiberg, Germany},
isbn = {978-3-86012-438-3},
}
%\bibitem{SP_SSRMRFG_2012} Steinbach,~B. and Posthoff,~Ch. \textit{Search Space Restriction for Maximal Rectangle-Free Grids}. Submitted to the 10 International Workshop on Boolean Problems (IWSBP) 2012.



@inproceedings{SP_UPC_2012,
author = {Bernd Steinbach and Christian Posthoff},
title = {Utilization of Permutation Classes for Solving Extremely Complex 4-Colorable Rectangle-Free Grids},
booktitle = {Proceedings of the IEEE 2012 International Conference on Systems and Informatics (ICSAI 2012)},
month = {May},
year = {2012},
pages = {2361--2370},
address = {Yantai, China},
isbn = {978-1-4673-0197-8},
}
%\bibitem{SP_UPC_2012} Steinbach,~B. and Posthoff,~Ch. 	
%\textit{Utilization of Permutation Classes for Solving Extremely Complex 4-Colorable Rectangle-free Grids}
%Submitted to the 2012 International Conference on Systems and Informatics (ICSAI) 2012.

@BOOK{S_10_IWSBP_2012,
EDITOR={Bernd Steinbach},
title = {10th International Workshop on Boolean Problems},
series = {IWSBP},
month = {September},
year = {2012},
address = {Freiberg, Germany},
isbn = {978-3-86012-438-3}
}

@inproceedings{SPW_ASCLBP_2010,
author = {Bernd Steinbach and Christian Posthoff and Wolfram Wessely},
title = {Approaches to Shift the Complexity Limitations of Boolean Problems},
booktitle = {Proceedings of the Seventh International Conference on Computer Aided Design of Discrete Devices}, 
series = {CAD DD},
year = {2010},
month = {November},
pages = {84--91},
address = {Minsk, Belarus},
isbn = {978-985-6744-63-4}
}

%misc{W_ZP_SP_2012,
%author = {Werner, M.},
%title = {Algorithmische Betrachtungen zum Zarankiewicz-Problem}, 
%howpublished = {seminar paper, TU Freiberg, Germany}, 
%year = {2012},
%month={May"}
%}
@inproceedings{SWP_SAPCBD_2010,
author = {Bernd Steinbach and Wolfram Wessely and Christian Posthoff},
title = {Several Approaches to Parallel Computing in the Boolean Domain},
booktitle = {1st International Conference on Parallel, Distributed and Grid Computing},
series = {PDGC},
year = {2010},
month = {October},
pages = {6--11},
address = {Jaypee University of Information Technology Waknaghat, Solan, H.P., India},
isbn = {978-1-4244-7672-5}
}
%\bibitem{SWP_SAPCBD_2010} Steinbach,~B, Wessely,~W. and Posthoff,~Ch.: \textit{Several Approaches to Parallel Computing in the Boolean Domain}. in: Chaudhuri, P.; Ghosh, S.; Buyya, R. K.; Cao, J.; Dahiya, D.: 2010 1st International Conference on Parallel, Distributed and Grid Computing (PDGC 2010), October 28 - 30, 2010, Jaypee University of Information Technology Waknaghat, Solan, H.P., India, 2010, pp. 6--11.


@inproceedings{SP_SULGP_ULSI_2012,
author = {Bernd Steinbach and Christian Posthoff},
title = {The Solution of Ultra Large Grid Problems},
booktitle = {21st International Workshop on Post-Binary ULSI Systems},
serues = {ULSI},
year = {2012},
month = {May},
pages = {1--10},
address = {Victoria, BC, Canada}
}
%\bibitem{SP_SULGP_ULSI_2012} Steinbach,~B. and Posthoff,~Ch. \textit{The Solution of Ultra Large Grid Problems}. Accepted for presentation on the 21st International Workshop on Post-Binary ULSI Systems (ULSI 2012) in Victoria, British Columbia, Canada. Date of presentation: May 13, 2012.

@book{Z_CLW_1984,
author = {Konrad Zuse},
title = {Der Computer, mein Lebenswerk (The Computer, My Life's Work)},
publisher = {Springer, Berlin},
year = {1984},
pages = {1--220},
ISBN = {978-3-540-13814-3}
}

@article{M_ML_1965,
author = {Gordon E. Moore},
title = {Cramming more components onto integrated circuits}, 
journal = {Electronics Magazine},
year = {1965},
month = {April},
volume = {38},
number = {8}
}


@article{SK_WCRC_1990,
author  = {Bernd Schwarzkopf},
title   = {Without Cover on a Rectangular Chessboard.},
journal = {Feenschach},
year    = {1990},
pages   = {272--275},
note    = {German title: ``Ohne Deckung auf dem Rechteck''},
}	

@article{SR_ZP_1975,
title = "{A problem of Zarankiewicz}",
journal = "Journal of Combinatorial Theory, Series A",
volume = "18",
number = "2",
pages = "187--198",
year = "1975",
issn = "0097-3165",
doi = "10.1016/0097-3165(75)90007-2",
url = "http://www.sciencedirect.com/science/article/pii/0097316575900072",
author = "Steven Roman"
}

@BOOK{PS_LFE_2004,
AUTHOR={Christian Posthoff and Bernd Steinbach},
TITLE="Logic Functions and Equations - Binary Models for Computer Science",
PUBLISHER="Springer",
YEAR=2004,
ADDRESS="Dordrecht, The Netherlands",
ISBN="978-1-4020-2937-0"
}

%  see above
%\bibitem{SP_ETBNF_2007} Steinbach, B. and Posthoff, Ch.: \textit{An Extended Theory of Boolean Normal Forms}. in: Proceedings of the 6th Annual Hawaii International Conference on Statistics, Mathematics and Related Fields, Honolulu, Hawaii, 2007, pp. 1124 - 1139
%incollection{SP_ETBNF_2007,
%author = {Bernd Steinbach and Christian Posthoff},
%title = {An Extended Theory of Boolean Normal Forms},
%booktitle = {Proceedings of the 6th Annual Hawaii International Conference on Statistics, Mathematics and Related Fields},
%ADDRESS= {Honolulu, Hawaii},
%pages = {1124--1139},
%year = {2007},
%url         = {http://www.informatik.tu-freiberg.de/prof2/publikationen/HICSM_2007_ETBNF.pdf},
%}

@incollection{SP_BDC_2010,
author = {Bernd Steinbach and Christian Posthoff},
title = {Boolean Differential Calculus},
booktitle = {Progress in Applications of Boolean Functions},
editor = {Tsutomu Sasao and Jon T. Butler},
PUBLISHER={Morgan \& Claypool Publishers},
ADDRESS="San Rafael, CA, USA",
pages = {55--78},
year = {2010},
isbn        = {978-1-60845-181-4},
}
%\bibitem{SP_BDC_2010} Steinbach,~B. and Posthoff,~Ch. \textit{Boolean Differential Calculus}. in: Butler,~J.~T., Sasao,~T. Progress in Applications of Boolean Functions, Morgan \& Claypool Publishers, San Rafael, CA -USA, 2010, pp. 55--78.
	
	
@article{SP_BDC_TA_2010,
author = {Bernd Steinbach and Christian Posthoff},
title = "{Boolean Differential Calculus - Theory and Applications}",
journal = "Journal of Computational and Theoretical Nanoscience",
PUBLISHER={American Scientific Publishers},
volume = "7",
number = "6",
pages = "933--981",
year = "2010",
issn = "1546-1955",
}	
%\bibitem{SP_BDC_TA_2010} Steinbach,~B. and Posthoff,~Ch. 
%\newblock	Boolean Differential Calculus - Theory and Applications. 
%\newblock in: Journal of Computational and Theoretical Nanoscience, American Scientific Publishers, Valencia, California, USA, 2010, ISSN 1546-1955, Volume 7, No. 6, pp. 933--981. 

@inproceedings{SP_NRBM_2010,
author      = {Bernd Steinbach and Christian Posthoff},
title       = {New Results Based on Boolean Models},
booktitle   = {Boolean Problems, Proceedings of the 9th International Workshops on Boolean Problems},
editor      = {Bernd Steinbach},
PUBLISHER   = {Freiberg University of Mining and Technology},
series      = {IWSBP},
year        = {2010},
month       = {September},
pages       = {29--36},
address     = {Freiberg, Germany},
isbn        = {978-3-86012-404-8},
}



@book{SP_BDE_2013,
author = {Bernd Steinbach and Christian Posthoff},
title = {Boolean Differential Equations},
publisher = {Morgan \& Claypool Publishers},
month = {June},
year = {2013},
isbn = {978-1627052412},
doi = {10.2200/S00511ED1V01Y201305DCS042}
}

@book{WILT_CUDA_2013,
  title={The CUDA Handbook: A Comprehensive Guide to GPU Programming},
  author={Wilt, Nicholas},
  isbn={9780133261509},
  year={2013},
  publisher={Pearson Education}
}

@mastersthesis{Werner_PXB_CUDA_2014,
author={Matthias Werner}, 
title={Parallelization of XBOOLE-Operations using CUDA}, 
note={In German: Parallelisierung von XBOOLE-Operationen mit CUDA}, 
school={Freiberg University of Mining and Technology}, 
year={2014}
}

@inproceedings{SW_FBC_GPU_APCASE_2014,
author = {Bernd Steinbach and Matthias Werner},
title = {Fast Boolean Operations Using the GPU},
booktitle = {2nd Asia-Pacific Conference on Computer Aided System Engineering - APCASE 2014, Book of Extended Abstracts}, 
series ={APCASE},
editor = {Zenon Chaczko and Ford Lumban Gaol and Christopher Chiu},
year = {2014},
pages = {86--89},
address = {Bali, Indonesia},
isbn = {978-0-9924518-0-6}
}

@incollection{SW_AA_FBO_GPU_2015,
author    = {Bernd Steinbach and Matthias Werner},
title     = {Alternative Approaches for Fast Boolean Calculations Using the GPU},
booktitle = {Computational Intelligence and Efficiency in Engineering Systems}, 
series    = {Studies in Computational Intelligence},
volume    = {595},
editor    = {Grzegorz Borowik and Zenon Chaczko and Witold Jacak and Tadeusz Łuba},
year      = {2015},
pages     = {17--31},
publisher = {Springer International Publishing},
address   = {Switzerland},
isbn      = {978-3-319-15719-1},
doi       = {10.1007/978-3-319-15720-7_2},
}

@inproceedings{SW_XBC_FBO_GPU_IWSBP_2014,
author = {Bernd Steinbach and Matthias Werner},
title = {XBOOLE-CUDA - Fast Boolean Operations on the GPU},
booktitle = {Boolean Problems, Proceedings of the 11th International Workshops on Boolean Problems}, 
series ={IWSBP},
editor = {Bernd Steinbach},
year = {2014},
pages = {75--84},
address = {Freiberg, Germany},
isbn = {978-3-86012-488-8}
}

%Steinbach, B.: Programmsystem zur Behandlung binärer Gleichungen. Diplomarbeit, TH Karl-Marx-Stadt, 1977
@mastersthesis{S_DA_PBBG_1977,
 author    = {Bernd Steinbach},
 title     = {Program System to Solve {Boolean} Equations},
 note      = {In {German:} {Programmsystem zur Behandlung bi\-n\"{a}rer Gleichungen}},
 school    = {TH Karl-Marx-Stadt},
 year      = {1977},
 type      = {Diploma},
}

%	series   = {Wissenschaftliche Schriftenreihe der Technischen Hochschule Karl-Marx-Stadt},
%	number   = {1/1979},
@book{PS_BG_AP_1979,
  author   = {Christian Posthoff and Bernd Steinbach},
  title    = {{Boolean} Equations - Algorithms and Programs},
  note     = {In {German:} {Bi\-n\"{a}re Gleichungen - Algorithmen und Programme}},
  issn     = {0323-6374},
  year     = {1979},
  publisher= {TH Karl-Marx-Stadt},
}

@book{DKSW_PXB_1992,
  author   = {Frank Dresig and Nico K\"{u}mmling and Bernd Steinbach and Jens Wazel},
  title    = {Programming with {XBOOLE}},
  note     = {In {German:} {Programmieren mit {XBOOLE}}},
  issn     = {0863-0755},
  year     = {1992},
  publisher= {TU Chemnitz},
}

@book{BS_LXB_1992,
  author   = {Dieter Bochmann and Bernd Steinbach},
  title    = {Logic Design with {XBOOLE}},
  note     = {In {German:} {Logikentwurf mit {XBOOLE}}},
  isbn     = {3-341-01006-8},
  year     = {1991},
  publisher= {Verlag Technik},
	address  = {Berlin},
}

@article{SP_SCPUBE_NCT_2015,
  author    = {Bernd Steinbach and Christian Posthoff},
  title     = {The Solution of Combinatorial Problems using {Boolean} Equations: New Challenges for Teaching},
  journal   = {Open Mathematical Education Notes},
  publisher = {IMVI},
  volume    = {5},
  note      = {Special issue},
  pages     = {1--30},
  year      = {2015},
  issn      = {2303-4882},
}

@online{KG_KOR_2015,
   title    = {Khronos OpenCL Registry},
   author   = {{Khronos Group}},
   year     = {2015},
   url      = {https://www.khronos.org/registry/cl/},
   urldate  = {2015-05-11},
}

@online{S_WOW64_2013,
   title    = {WOW64 - A Comprehensive Reference},
   author   = {Darwin Sanoy},
   year     = {2013},
   url      = {https://www.khronos.org/registry/cl/},
   urldate  = {2015-05-11},
}


@book{Z_LU_1975,
 author    = {Arkadij~D. Zakrevskij},
 title     = {Logic Equations},
 note      = {In Russian (\textcyr{Logicheskie Uravneniya})} ,
 publisher = {\textcyr{Nauka i Tekhnika}},
 address   = {\textcyr{Minsk}},
 year      = {1975},
}

@book{S_RPBD_2014,
 editor    = {Bernd Steinbach},
 title     = {Recent Progress in the Boolean Domain},
 publisher = {Cambridge Scholars Publishing},
 address   = {Newcastle upon Tyne, UK},
 month     = {April},
 year      = {2014},
 isbn      = {978-1-4438-5638-6},
}
% month     = {April},

@BOOK{W_CT_2005,
 author    = {Ingo Wegener},
 title     = {Complexity Theory - Exploring the Limits of Efficient Algorithms},
 publisher = {Springer},
 address   = {Dordrecht, The Netherlands},
 year      = {2005},
 isbn      = {978-3-540-27477-3}
}
%Wegener, I.: 
%Complexity Theory - Exploring the Limits of Efficient Algorithms.
%Springer, Dordrecht, The Netherlands  (2005)


@incollection{SP_CHCCD_2009,
 author    = {Bernd Steinbach and Christian Posthoff},
 title     = {Complete Sets of Hamiltonian Circuits for Classification of Documents},
 booktitle = {Computer Aided System Theory - EUROCAST 2009},
 editor    = {Roberto Moreno-Diaz and Franz Pichler and Alexis Quesada-Arencibia},
 publisher = {Springer},
 address   = {Berlin Heidelberg},
 series    = {Lecture Notes in Computer Science},
 number    = {5717},
 issn      = {0302-9743},
 isbn      = {978-3-642-04771-8},
 pages     = {526--533},
 year      = {2009},
 doi       = {10.1007/978-3-642-04772-5_68},
}

@incollection{PS_SDCP_ICAART_2010,
 author    = {Christian Posthoff and Bernd Steinbach},
 title     = {The Solution of Discrete Constraint Problems Using Boolean Models},
 booktitle = {Proceedings of the 2nd International Conference on Agents and Artificial Intelligence},
 publisher = {INSTICC – Institute for Systems and Technologies of
Information, Control and Communication},
 address   = {Valencia, Spain},
 year      = {2010},
 isbn      = {978-989-674-021-4},
 pages     = {487--493}
}


@inproceedings{SP_MVPSCSA_ISMVL_2014,
 author    = {Bernd Steinbach and Christian Posthoff},
 title     = {Multiple-Valued Problem Solvers - Comparison of Several Approaches},
 booktitle = {Proceedings of the IEEE 44th International Symposium on Multiple-Valued Logic (ISMVL 2014)},
 series    = {ISMVL},
 year      = {2014},
 publisher = {IEEE},
 issn      = {0195-623X},
 doi       = {10.1109/ISMVL.2014.13},
 pages     = {25--31},
 address   = {Bremen, Germany}
}
% month     = {May},

@incollection{SP_SOP_UCP_2012,
 author    = {Bernd Steinbach and Christian Posthoff},
 title     = {Sources and Obstacles for Parallelization - a Comprehensive Exploration of the Unate Covering Problem Using Both CPU and GPU},
 booktitle = {GPU Computing with Applications in Digital Logic},
 publisher = {Tampere International Center for Signal Processing (TICSP)},
 address   = {Tampere},
 year      = {2012},
 isbn      = {978-952-15-2920-7},
 doi       = {10.13140/2.1.4266.4320},
 pages     = {63--96}, 
}

@incollection{SP_FCEMUC_2013,
 author    = {Bernd Steinbach and Christian Posthoff},
 title     = {Fast Calculation of Exact Minimal Unate Coverings on Both the CPU and the GPU},
 booktitle = {14th International Conference on Computer Aided Systems Theory – EUROCAST 2013 - Part II},
 series    = {Lecture Notes in Computer Science},
 volume    = {8112},
 publisher = {Springer},
 address   = {Berlin, Heidelberg},
 year      = {2013},
 isbn      = {978-3-642-53861-2},
 doi       = {10.1007/978-3-642-53862-9_30},
 pages     = {234--241},
}


@incollection{SP_EOGPUBUCP_2015,
 author    = {Bernd Steinbach and Christian Posthoff},
 title     = {Evaluation and Optimization of GPU Based Unate Covering Algorithms},
 booktitle = {Computer Aided Systems Theory – EUROCAST 2015},
 series    = {Lecture Notes in Computer Science},
 volume    = {9520},
 publisher = {Springer International Publishing},
 address   = {Switzerland},
 year      = {2015},
 isbn      = {978-3-319-27339-6},
 doi       = {10.1007/978-3-319-27340-2_76},
 pages     = {617--624},
}

%Posthoff, Ch.; Steinbach, B.: Sudoku Solutions Using Logic Equations. 
%in: Steinbach, B. (Hrsg.): Boolean Problems, Proceedings of the 8th International Workshops on Boolean Problems, 18. - 19. September 2008, Freiberg University of Mining and Technology, Freiberg, 2008, pp. 49 – 57.
@inproceedings{PS_SSULE_2008,
 author    = {Christian Posthoff and Bernd Steinbach},
 title     = {Sudoku Solutions Using Logic Equations},
 booktitle = {Boolean Problems, Proceedings of the 8th International Workshops on Boolean Problems}, 
 series    = {IWSBP},
 editor    = {Bernd Steinbach},
 year      = {2008},
 pages     = {49--57},
 address   = {Freiberg, Germany},
 isbn      = {978-3-86012-346-1},
} 


@BOOK{S_11_IWSBP_2014,
EDITOR={Bernd Steinbach},
title = {11th International Workshop on Boolean Problems},
series = {IWSBP},
month = {September},
year = {2014},
address = {Freiberg, Germany},
isbn = {978-3-86012-488-8}
}


@article{SP_HCFCRFG_MVLSC_2014,
  author    = {Bernd Steinbach and Christian Posthoff},
  title     = {Highly Complex 4-Colored Rectan\-gle-free Grids – Solution Unsolved Multiple-Valued Problems},
  journal   = {Multiple-Valued Logic and Soft Computing},
  publisher = {Old City Publishing},
  volume    = {24},
	number    = {1--4},
  pages     = {369--404},
  year      = {2014},
  issn      = {1542-3980},
}

@article{SP_LUFCRFG_MVLSC_2015,
  author    = {Bernd Steinbach and Christian Posthoff},
  title     = {The Last Unsolved Four-Colored Rectangle-Free Grid: The Solution of Extremely Complex Multiple-Valued Problems},
  journal   = {Multiple-Valued Logic and Soft Computing},
  publisher = {Old City Publishing},
  volume    = {25},
	number    = {4--5},
  pages     = {617--624},
  year      = {2015},
  issn      = {1542-3980},
}

@inproceedings{C_CTPP_ACM_TC_1971,
 author = {Stephen~A. Cook},
 title = {The Complexity of Theorem-proving Procedures},
 booktitle = {Proceedings of the Third Annual ACM Symposium on Theory of Computing},
 series = {STOC '71},
 year = {1971},
 location = {Shaker Heights, Ohio, USA},
 pages = {151--158},
 numpages = {8},
 url = {http://doi.acm.org/10.1145/800157.805047},
 doi = {10.1145/800157.805047},
 acmid = {805047},
 publisher = {ACM},
 address = {New York, NY, USA},
}

@incollection{K_RCP_1972,
 author    = {Richard~M. Karp},
 title     = {Reducibility Among Combinatorial Problems},
 booktitle = {Complexity of Computer Computations},
 publisher = {Plenum Press},
 editor    = {R.~E. Miller and J.~W. Thatcher},
 address   = {New York},
 year      = {1972},
 pages     = {85--1034},
 isbn      = {978-1-46842-003-6},
}

@inproceedings{BDS_NDM_MCD_EDAC_1991,
 author = {Dieter Bochmann and Frank Dresig and Bernd Steinbach},
 title = {A New Decomposition Method for Multilevel Circuit Design},
 booktitle = {Proceedings of the Conference on European Design Automation},
 series = {EDAC '91},
 year = {1991},
 location = {Amsterdam, The Netherlands},
 pages = {374--377},
 doi = {10.1109/EDAC.1991.206428},
 isbn = {0-8186-2130-3},
 publisher = {IEEE Computer Society},
}

@inproceedings{MSP_ABD_LF_DAC_2001,
 author = {Mishchenko, Alan and Steinbach, Bernd and Perkowski, Marek},
 title = {An Algorithm for Bi-decomposition of Logic Functions},
 booktitle = {Proceedings of the 38th Annual Design Automation Conference},
 series = {DAC '01},
 year = {2001},
 isbn = {1-58113-297-2},
 location = {Las Vegas, Nevada, USA},
 pages = {103--108},
 numpages = {6},
 url = {http://doi.acm.org/10.1145/378239.378353},
 doi = {10.1145/378239.378353},
 acmid = {378353},
 publisher = {ACM},
 address = {New York, NY, USA},
}

@inproceedings{S_GLBF_DO_KNWS_2013,
 author = {Bernd Steinbach},
 title = {Generalized Lattices of Boolean Functions Utilized for Derivative Operations},
 booktitle = {Materia{\l}y konferencyjne KNWS'13},
 series = {KNWS '13},
 year = {2013},
 location = {{\L}ag\'ow, Poland},
 pages = {1--17},
 doi = {10.13140/2.1.1874.3680},
}

@inproceedings{S_DO_LBF_RM_2013,
 author = {Bernd Steinbach},
 title = {Derivative Operations for Lattices of Boolean Functions},
 booktitle = {Proceedings of the Reed-Muller Workshop 2013},
 series = {RM '13},
 year = {2013},
 location = {Toyama, Japan},
 pages = {110--119},
 doi = {10.13140/2.1.1874.3680},
}

@phdthesis{L_TQ_TKS_1989,
 author = {Trung~Quoc Le},
 title = {Testbarkeit kombinatorischer Schaltungen - Theorie und Entwurf},
 school = {Technical University of Karl-Marx-Stadt, Germany},
 year = {1989},
 tyype = {PhD-Thesis},
 note = {written in German, English title: Testability of Combinational Circuits - Theory and Design}
}

@inproceedings{S_VBD_LF_RM_2015,
 author = {Bernd Steinbach},
 title = {Vectorial Bi-Decompositions of Logic Functions},
 booktitle = {Proceedings of the Reed-Muller Workshop 2015},
 series = {RM '15},
 number ={4},
 year = {2015},
 location = {Waterloo, Canada},
 pages = {1--10},
}

%\bibitem[Steinbach and Posthoff(2015)B. Steinbach and Ch. Posthoff]{SP_BDE_CM_CLABF_2015}
%B. Steinbach and Ch. Posthoff,
%``Boolean Differential Equations - a Common Model for Classes, Lattices, and Arbitrary Sets of Boolean Functions'',
%\textit{FACTA UNIVERSITATIS (NI\v{S})}, 
%Series: Electronics And Energetics. Volume 28, Issue No. 1, ISSN 0353-3670, DOI: 10.2298/FUEE1501051S, 2015, pp. 51--76.

@article{SP_BDE_CM_CLABF_FUN_2015,
  author    = {Bernd Steinbach and Christian Posthoff},
  title     = {Boolean Differential Equations - a Common Model for Classes, Lattices, and Arbitrary Sets of Boolean Functions},
  journal   = {FACTA UNIVERSITATIS (NI\v{S})},
	series    = {Electronics And Energetics},
  publisher = {University of Ni\v{s}},
  volume    = {28},
	number    = {1},
  pages     = {51--76},
  year      = {2015},
  issn      = {0353-3670},
	doi       = {10.2298/FUEE1501051S},
}

@inproceedings{S_DSPCC_DFTS_1993,
 author = {E.~S. Sogomonjan and Michael Goessel},
 title = {Design of Self-Parity Combinational Circuits for Self-Testing and On-Line Detection},
 booktitle = {The IEEE International Workshop on Defect and Fault Tolerance in VLSI Systems},
 year = {1993},
 location = {Venice},
 pages = {239--246},
 issn = {1550-5774},
 isbn = {0-8186-3502-9},
 doi = {10.1109/DFTVS.1993.595814},
 publisher = {IEEE},
}
